<record><leader>00000cas a22000007a 4500</leader><controlfield tag="001">12435810</controlfield><controlfield tag="008">850828d19141918mtuwr ne      0    0eng d</controlfield><datafield ind1=" " ind2=" " tag="010"><subfield code="a">sn 85053242 </subfield></datafield><datafield ind1=" " ind2=" " tag="040"><subfield code="a">MTL</subfield><subfield code="b">eng</subfield><subfield code="c">MTL</subfield><subfield code="d">OCLCQ</subfield></datafield><datafield ind1=" " ind2=" " tag="042"><subfield code="a">msc</subfield></datafield><datafield ind1="0" ind2="4" tag="245"><subfield code="a">The Mineral County press.</subfield></datafield><datafield ind1=" " ind2=" " tag="260"><subfield code="a">Superior, Mont. :</subfield><subfield code="b">R. Hargrave,</subfield><subfield code="c">1914-1918.</subfield></datafield><datafield ind1=" " ind2=" " tag="300"><subfield code="a">6 v. :</subfield><subfield code="b">ill. ;</subfield><subfield code="c">40 cm.</subfield></datafield><datafield ind1=" " ind2=" " tag="310"><subfield code="a">Weekly</subfield></datafield><datafield ind1="0" ind2=" " tag="362"><subfield code="a">Vol. 1, no. 29 (July 9, 1914)-v. 6, no. 2 (Dec. 26, 1918).</subfield></datafield><datafield ind1=" " ind2=" " tag="752"><subfield code="a">United States</subfield><subfield code="b">Montana</subfield><subfield code="c">Mineral</subfield><subfield code="d">Superior.</subfield></datafield><datafield ind1="0" ind2="0" tag="780"><subfield code="t">Philipsburg press</subfield><subfield code="w">(DLC)sn 85053241</subfield></datafield><datafield ind1="0" ind2="4" tag="785"><subfield code="t">Mineral independent</subfield><subfield code="g">Jan. 2, 1919</subfield><subfield code="w">(DLC)sn 86075304</subfield></datafield></record>